<mx:record xmlns="http://www.w3.org/TR/xhtml1/strict" xmlns:mx="http://www.loc.gov/MARC21/slim" xmlns:xsi="http://www.w3.org/2001/XMLSchema-instance"><mx:leader>00000cz   2200000n  4500</mx:leader><mx:controlfield tag="001">oca02760754 </mx:controlfield><mx:controlfield tag="005">20060529071114.0</mx:controlfield><mx:controlfield tag="008">900612n| acannaabn          |a aaa      </mx:controlfield><mx:datafield ind1=" " ind2=" " tag="010"><mx:subfield code="a">n  90656590</mx:subfield></mx:datafield><mx:datafield ind1=" " ind2=" " tag="040"><mx:subfield code="a">DLC</mx:subfield><mx:subfield code="b">eng</mx:subfield><mx:subfield code="c">DLC</mx:subfield><mx:subfield code="d">DLC</mx:subfield><mx:subfield code="d">InU</mx:subfield></mx:datafield><mx:datafield ind1="1" ind2=" " tag="100"><mx:subfield code="a">Juvencus, Caius Vettius Aquilinus</mx:subfield></mx:datafield><mx:datafield ind1="1" ind2=" " tag="400"><mx:subfield code="w">nnaa</mx:subfield><mx:subfield code="a">Juvencus, C. Vettius Aquilinus</mx:subfield></mx:datafield><mx:datafield ind1="1" ind2=" " tag="400"><mx:subfield code="a">Juvencus, C. Vettius Aquilinus</mx:subfield><mx:subfield code="q">(Caius Vettius Aquilinus)</mx:subfield></mx:datafield><mx:datafield ind1="1" ind2=" " tag="400"><mx:subfield code="a">Iuuencus, C.</mx:subfield><mx:subfield code="q">(Caius)</mx:subfield></mx:datafield><mx:datafield ind1="1" ind2=" " tag="400"><mx:subfield code="a">Iuvencus, C. Vettius Aquilinus</mx:subfield><mx:subfield code="q">(Caius Vettius Aquilinus)</mx:subfield></mx:datafield><mx:datafield ind1="1" ind2=" " tag="400"><mx:subfield code="a">Iuvencus, Gaius Vettus Aquilinus</mx:subfield></mx:datafield><mx:datafield ind1="1" ind2=" " tag="400"><mx:subfield code="a">Juvencus, Gaius Vettus Aquilinus</mx:subfield></mx:datafield><mx:datafield ind1=" " ind2=" " tag="670"><mx:subfield code="a">nuc90-10271: His C. Iuuenci, Coelii Sedulii ... 1553</mx:subfield><mx:subfield code="b">(hdg. on DFo rept.: Juvencus, Caius Vettius Aquilinus)</mx:subfield></mx:datafield><mx:datafield ind1=" " ind2=" " tag="670"><mx:subfield code="a">LC data base, 7-10-90</mx:subfield><mx:subfield code="b">(hdg.: Juvencus, C. Vettius Aquilinus; no usage)</mx:subfield></mx:datafield><mx:datafield ind1=" " ind2=" " tag="670"><mx:subfield code="a">Taufe und Versuchung Jesu ... 1994:</mx:subfield><mx:subfield code="b">t.p. (Juvencus) p. 208 (C. Vetti Aquilini Iuvenci)</mx:subfield></mx:datafield><mx:datafield ind1=" " ind2=" " tag="670"><mx:subfield code="a">Gai Vetti Aquilini Iuvenci Evangeliorum libri quattuor, 1891.</mx:subfield></mx:datafield><mx:datafield ind1=" " ind2=" " tag="999"><mx:subfield code="a">2537.9549</mx:subfield></mx:datafield></mx:record>